@article{Calado2016,
author = {Calado, P and Telford, AM and Bryant, D and Li, X and Nelson, J and O'Regan, BC and Barnes, PRF},
doi = {10.1038/ncomms13831},
journal = {NATURE COMMUNICATIONS},
title = {Evidence for ion migration in hybrid perovskite solar cells with minimal hysteresis},
url = {http://dx.doi.org/10.1038/ncomms13831},
volume = {7},
year = {2016}
}